23700000         201001001000101123456              0345670000000123123 REMESSA BRADESCO LTDA         BANCO BRADESCO                          10504202110570500000108901600                                                                     
23799999         000000000002000000                                                                                                                                                                                                             