23700000         201001001000101123456              0345670000000123123 REMESSA BRADESCO LTDA         BANCO BRADESCO                          10504202110570500000108901600                                                                     
23700011C7001045 201001001000101123456              0345670000000123123 REMESSA BRADESCO LTDA                                                 RUA URUGUAI                   00122               ITAJAI              88302200SC01                
2370001300001A0000002370344200000009488286 JOHN TRAVOLTA                 0000000000000000001205042021BRL000000000000000000000004513266                    00000000000000000000000                                                    0          
2370001300002B   100097494174028PRESIDENTE ITAMAR FRANCO      00445               CENTRO         JUIZ DE FORA        36010021MG05042021000000004513266000000000000000000000000000000000000000000000000000000000000               000000000000000
23700015         000004000000000004513266000000000000000000000000                                                                                                                                                                               
23700021C7003045 201001001000101123456              0345670000000123123 REMESSA BRADESCO LTDA                                                 RUA URUGUAI                   00122               ITAJAI              88302200SC01                
2370002300001A000018001046480000000019610X ARTHUR DENT                   0000000000000000000505042021BRL000000000000000000000000435612                    00000000000000000000000                                          00010CC   0          
2370002300002B   100034615434030RUA CENTRAL DE GARUVA         00876               CENTRO         GARUVA              89248000SC05042021000000000435612000000000000000000000000000000000000000000000000000000000000               000000000000000
2370002300003A0000183410029200000000998879 TCPAR HOLDING LTDA            0000000000000000000805042021BRL000000000000000000000000124299                    00000000000000000000000                                          00010CC   0          
2370002300004B   201001001000101RUA URUGUAI                   00122SALA 3         CENTRO         ITAJAI              88302200SC05042021000000000124299000000000000000000000000000000000000000000000000000000000000               000000000000000
2370002300005A0000187450006100010671589180 KEVIN BACON                   0000000000000000001205042021BRL000000000000000000000000545119                    00000000000000000000000                                          00010CC   0          
2370002300006B   100097494174028AV BRG FARIA LIMA             0360010 ANDAR       ITAIM BIBI     SAO PAULO           04538132SP05042021000000000545119000000000000000000000000000000000000000000000000000000000000               000000000000000
2370002300007A0000180330109400000039724056 RAUL SEIXAS                   0000000000000000001305042021BRL000000000000000000000009813498                    00000000000000000000000                                          00010CC   0          
2370002300008B   100020131309021RUA CARLOS FETER              00569               CENTRO         FARROUPILHA         95180975RS05042021000000009813498000000000000000000000000000000000000000000000000000000000000               000000000000000
2370002300009A0000183410552000000000758359 CHUCK NORRIS                  0000000000000000001505042021BRL000000000000000000000000354156                    00000000000000000000000                                          00010CC   0          
2370002300010B   100022781375900MAESTRO OSVALDO HOHMANN       00808               SANTA FELICIDADCURITIBA            82020774SC05042021000000000354156000000000000000000000000000000000000000000000000000000000000               000000000000000
23700025         000012000000000011272684000000000000000000000000                                                                                                                                                                               
23799999         000002000018000000                                                                                                                                                                                                             